@article{Lin2014MicrosoftCC,
  title={Microsoft COCO: Common Objects in Context},
  author={Tsung-Yi Lin and M. Maire and Serge J. Belongie and James Hays and P. Perona and D. Ramanan and Piotr Doll{\'a}r and C. L. Zitnick},
  journal={ArXiv},
  year={2014},
  volume={abs/1405.0312}
}
@article{Flicker8k,
title= {Flickr8k Dataset},
keywords= {},
author= {Micah Hodosh and Peter Young and Julia Hockenmaier},
terms= {},
license= {},
superseded= {},
url= {}
}
@article{Vinyals2015ShowAT,
  title={Show and tell: A neural image caption generator},
  author={Oriol Vinyals and A. Toshev and S. Bengio and D. Erhan},
  journal={2015 IEEE Conference on Computer Vision and Pattern Recognition (CVPR)},
  year={2015},
  pages={3156-3164}
}